%% This BibTeX bibliography file was created using BibDesk.
%% https://bibdesk.sourceforge.io/

%% Created for Marco Vianello at 2020-10-05 19:53:05 +0200 


%% Saved with string encoding Unicode (UTF-8) 



@book{sernesi2000geometria,
	Author = {Sernesi, E.},
	Date-Added = {2020-10-05 14:05:41 +0200},
	Date-Modified = {2020-10-05 14:06:13 +0200},
	Isbn = {9788833954479},
	Publisher = {Bollati Boringhieri},
	Series = {Programma di Matematica, Fisica, Elettronica},
	Title = {Geometria 1},
	Url = {https://books.google.it/books?id=Rc2CAAAACAAJ},
	Year = {2000},
	Bdsk-Url-1 = {https://books.google.it/books?id=Rc2CAAAACAAJ}}

@book{sernesi2019geometria,
	Author = {Sernesi, E.},
	Date-Added = {2020-10-05 14:04:57 +0200},
	Date-Modified = {2020-10-05 14:06:20 +0200},
	Isbn = {9788833932323},
	Publisher = {Bollati Boringhieri},
	Series = {Programma di Matematica, Fisica, Elettronica},
	Title = {Geometria 2},
	Url = {https://books.google.it/books?id=NeQawwEACAAJ},
	Year = {2019},
	Bdsk-Url-1 = {https://books.google.it/books?id=NeQawwEACAAJ}}

@book{abelson1996structure,
	Author = {Abelson, H. and Sussman, G.J. and Perlis, A.J. and Sussman, J.},
	Date-Added = {2020-09-11 18:01:57 +0200},
	Date-Modified = {2020-09-11 18:01:57 +0200},
	Isbn = {9780262510875},
	Lccn = {96017756},
	Publisher = {Addison-Wesley},
	Series = {Electrical engineering and computer science series},
	Title = {Structure and Interpretation of Computer Programs},
	Url = {https://books.google.it/books?id=iL34DwAAQBAJ},
	Year = {1996},
	Bdsk-Url-1 = {https://books.google.it/books?id=iL34DwAAQBAJ}}

@book{pierce2002types,
	Author = {Pierce, B.C. and C, B. and Coutts Information Services and MIT Press},
	Date-Added = {2020-08-03 15:37:44 +0200},
	Date-Modified = {2020-08-03 15:37:44 +0200},
	Isbn = {9780262162098},
	Lccn = {2001044428},
	Publisher = {MIT Press},
	Series = {The MIT Press},
	Title = {Types and Programming Languages},
	Url = {https://books.google.it/books?id=ti6zoAC9Ph8C},
	Year = {2002},
	Bdsk-Url-1 = {https://books.google.it/books?id=ti6zoAC9Ph8C}}

@book{koblitz1994course,
	Author = {Koblitz, N.},
	Date-Added = {2020-06-29 17:41:00 +0200},
	Date-Modified = {2020-06-29 17:41:00 +0200},
	Isbn = {9780387942933},
	Lccn = {94116133},
	Publisher = {Springer New York},
	Series = {Graduate Texts in Mathematics},
	Title = {A Course in Number Theory and Cryptography},
	Url = {https://books.google.it/books?id=QTItdhGfqCcC},
	Year = {1994},
	Bdsk-Url-1 = {https://books.google.it/books?id=QTItdhGfqCcC}}

@book{brown2006topology,
	Author = {Brown, R.},
	Date-Added = {2020-06-21 23:54:06 +0200},
	Date-Modified = {2020-06-21 23:54:06 +0200},
	Isbn = {9781419627224},
	Lccn = {2006901092},
	Publisher = {www.groupoids.org},
	Title = {Topology and Groupoids},
	Url = {https://books.google.it/books?id=U9mMQAAACAAJ},
	Year = {2006},
	Bdsk-Url-1 = {https://books.google.it/books?id=U9mMQAAACAAJ}}

@misc{leinster2016basic,
	Archiveprefix = {arXiv},
	Author = {Tom Leinster},
	Date-Added = {2020-05-16 19:58:26 +0200},
	Date-Modified = {2020-05-16 19:58:26 +0200},
	Eprint = {1612.09375},
	Primaryclass = {math.CT},
	Title = {Basic Category Theory},
	Year = {2016}}

@book{MacLane:824105,
	Address = {Berlin},
	Author = {MacLane, Saunders and Moerdijk, Ieke},
	Date-Added = {2020-05-15 17:08:31 +0200},
	Date-Modified = {2020-05-15 17:08:31 +0200},
	Doi = {10.1007/978-1-4612-0927-0},
	Publisher = {Springer},
	Series = {Universitext},
	Title = {{Sheaves in geometry and logic: a first introduction to topos theory}},
	Url = {https://cds.cern.ch/record/824105},
	Year = {1992},
	Bdsk-Url-1 = {https://cds.cern.ch/record/824105},
	Bdsk-Url-2 = {https://doi.org/10.1007/978-1-4612-0927-0}}

@article{Eilenberg1945General,
	Added-At = {2019-03-01T00:11:50.000+0100},
	Author = {Eilenberg, Samuel and MacLane, Saunders},
	Biburl = {https://www.bibsonomy.org/bibtex/2245830af7a013e5bff6c3be532e7ac66/gdmcbain},
	Citeulike-Article-Id = {3078828},
	Citeulike-Attachment-1 = {eilenberg_45_general.pdf; /pdf/user/gdmcbain/article/3078828/1135943/eilenberg_45_general.pdf; 3833f692e93a795b51bd3d7acfd9477f9ee6d536},
	Citeulike-Linkout-0 = {http://dx.doi.org/10.2307/1990284},
	Citeulike-Linkout-1 = {http://www.jstor.org/stable/1990284},
	Date-Added = {2020-05-15 15:31:28 +0200},
	Date-Modified = {2020-05-15 15:31:28 +0200},
	Doi = {10.2307/1990284},
	File = {eilenberg_45_general.pdf},
	Interhash = {647ee64ac3c6ab871eb35ef52bfc2467},
	Intrahash = {245830af7a013e5bff6c3be532e7ac66},
	Issn = {00029947},
	Journal = {Transactions of the American Mathematical Society},
	Keywords = {18-01-category-theory-introductory-exposition},
	Month = sep,
	Number = 2,
	Pages = {231--294},
	Posted-At = {2018-05-04 02:44:15},
	Priority = {4},
	Publisher = {American Mathematical Society},
	Timestamp = {2019-03-01T00:11:50.000+0100},
	Title = {{General Theory of Natural Equivalences}},
	Url = {http://dx.doi.org/10.2307/1990284},
	Volume = 58,
	Year = 1945,
	Bdsk-Url-1 = {http://dx.doi.org/10.2307/1990284}}

@book{lang2005algebra,
	Author = {Lang, S.},
	Date-Added = {2020-05-08 01:04:13 +0200},
	Date-Modified = {2020-05-08 01:04:13 +0200},
	Isbn = {9780387953854},
	Lccn = {01054916},
	Publisher = {Springer New York},
	Series = {Graduate Texts in Mathematics},
	Title = {Algebra},
	Url = {https://books.google.it/books?id=Fge-BwqhqIYC},
	Year = {2005},
	Bdsk-Url-1 = {https://books.google.it/books?id=Fge-BwqhqIYC}}

@book{hottbook,
	Address = {Institute for Advanced Study},
	Author = {The {Univalent Foundations Program}},
	Date-Modified = {2020-04-23 19:24:04 +0200},
	Title = {Homotopy Type Theory: Univalent Foundations of Mathematics},
	Url = {https://homotopytypetheory.org/book},
	Year = 2013,
	Bdsk-Url-1 = {https://homotopytypetheory.org/book}}

@misc{via2020analisi,
	Author = {Vianello, Marco},
	Date-Added = {2020-04-14 18:03:52 +0200},
	Date-Modified = {2020-05-21 19:47:00 +0200},
	Title = {Appunti di Analisi Matematica 1},
	Year = {2020}}

@book{munkres2000topology,
	Author = {Munkres, J.R.},
	Date-Added = {2020-04-12 19:56:17 +0200},
	Date-Modified = {2020-04-12 19:56:17 +0200},
	Isbn = {9780131784499},
	Lccn = {99052942},
	Publisher = {Prentice-Hall},
	Series = {Topology},
	Title = {Topology},
	Url = {https://books.google.it/books?id=NnCjQgAACAAJ},
	Year = {2000},
	Bdsk-Url-1 = {https://books.google.it/books?id=NnCjQgAACAAJ}}

@misc{via2020top,
	Author = {Vianello, Marco},
	Date-Added = {2020-03-27 20:01:28 +0100},
	Date-Modified = {2020-05-21 19:47:14 +0200},
	Title = {Appunti di Topologia},
	Year = {2020}}

@book{lee2010introduction,
	Author = {Lee, J.},
	Date-Added = {2020-03-27 19:44:10 +0100},
	Date-Modified = {2020-03-27 19:44:10 +0100},
	Isbn = {9781441979407},
	Lccn = {2011287064},
	Publisher = {Springer New York},
	Series = {Graduate Texts in Mathematics},
	Title = {Introduction to Topological Manifolds},
	Url = {https://books.google.it/books?id=ZQVGAAAAQBAJ},
	Year = {2010},
	Bdsk-Url-1 = {https://books.google.it/books?id=ZQVGAAAAQBAJ}}

@book{lane2013categories,
	Author = {Lane, S.M.},
	Date-Added = {2020-03-15 22:36:53 +0100},
	Date-Modified = {2020-03-15 22:36:53 +0100},
	Isbn = {9781475747218},
	Publisher = {Springer New York},
	Series = {Graduate Texts in Mathematics},
	Title = {Categories for the Working Mathematician},
	Url = {https://books.google.it/books?id=gfI-BAAAQBAJ},
	Year = {2013},
	Bdsk-Url-1 = {https://books.google.it/books?id=gfI-BAAAQBAJ}}

@book{adamek2009abstract,
	Author = {Adamek, J. and Herrlich, H. and Strecker, G.E.},
	Date-Added = {2020-03-15 18:24:47 +0100},
	Date-Modified = {2020-03-15 18:24:47 +0100},
	Isbn = {9780486469348},
	Lccn = {2009010561},
	Publisher = {Dover Publications},
	Series = {Dover books on mathematics},
	Title = {Abstract and Concrete Categories: The Joy of Cats},
	Url = {https://books.google.it/books?id=rqT4PgAACAAJ},
	Year = {2009},
	Bdsk-Url-1 = {https://books.google.it/books?id=rqT4PgAACAAJ}}

@book{rudin1976principles,
	Author = {Rudin, W.},
	Date-Added = {2020-03-14 22:55:58 +0100},
	Date-Modified = {2020-03-14 22:55:58 +0100},
	Isbn = {9780070856134},
	Lccn = {75179033},
	Publisher = {McGraw-Hill},
	Series = {International series in pure and applied mathematics},
	Title = {Principles of Mathematical Analysis},
	Url = {https://books.google.it/books?id=kwqzPAAACAAJ},
	Year = {1976},
	Bdsk-Url-1 = {https://books.google.it/books?id=kwqzPAAACAAJ}}

@misc{via2020alg,
	Author = {Vianello, Marco},
	Date-Added = {2020-03-02 18:16:07 +0100},
	Date-Modified = {2020-05-21 19:46:53 +0200},
	Title = {Appunti di Algebra 1},
	Year = {2020}}

@book{kalkavage2007logic,
	Author = {Kalkavage, P.},
	Date-Added = {2020-02-23 10:58:23 +0100},
	Date-Modified = {2020-02-23 10:58:23 +0100},
	Isbn = {9781589880375},
	Lccn = {2007041089},
	Publisher = {Paul Dry Books},
	Title = {The Logic of Desire: An Introduction to Hegel's Phenomenology of Spirit},
	Url = {https://books.google.it/books?id=SDASq2t5ZpQC},
	Year = {2007},
	Bdsk-Url-1 = {https://books.google.it/books?id=SDASq2t5ZpQC}}

@book{severino2011filosofia,
	Author = {Severino, E.},
	Date-Added = {2020-02-23 10:57:35 +0100},
	Date-Modified = {2020-02-23 10:57:35 +0100},
	Isbn = {9788858602232},
	Publisher = {RIZZOLI LIBRI},
	Series = {BUR SAGGI},
	Title = {La filosofia dai greci al nostro tempo - La filosofia antica e medioevale},
	Url = {https://books.google.it/books?id=Z1R1eMoNrQgC},
	Year = {2011},
	Bdsk-Url-1 = {https://books.google.it/books?id=Z1R1eMoNrQgC}}

@book{de1996analisi,
	Author = {De Marco, G.},
	Date-Added = {2020-02-15 15:36:10 +0100},
	Date-Modified = {2020-02-15 15:36:10 +0100},
	Isbn = {9788808243126},
	Publisher = {Zanichelli},
	Series = {Collana di matematica. Testi e manuali},
	Title = {Analisi 1. Primo corso di analisi matematica. Teoria ed esercizi},
	Url = {https://books.google.it/books?id=IaN1PQAACAAJ},
	Year = {1996},
	Bdsk-Url-1 = {https://books.google.it/books?id=IaN1PQAACAAJ}}

@book{prodi1970analisi,
	Author = {Prodi, G.},
	Date-Added = {2020-02-15 15:25:11 +0100},
	Date-Modified = {2020-02-15 15:28:44 +0100},
	Publisher = {Boringhieri},
	Series = {Programma di Matematica, Fisica, Elettronica},
	Title = {Analisi matematica},
	Year = {1970}}

@misc{via2020geom,
	Author = {Vianello, Marco},
	Date-Added = {2020-01-28 15:09:35 +0100},
	Date-Modified = {2020-05-21 19:47:05 +0200},
	Title = {Appunti di Geometria 1},
	Year = {2020}}

@book{candilera1992algebra,
	Author = {Candilera, M.},
	Date-Added = {2020-01-23 21:51:58 +0100},
	Date-Modified = {2020-01-28 15:14:37 +0100},
	Publisher = {Edizioni Libreria Progretto, Padova},
	Title = {Algebra lineare e Geometria},
	Year = {1992}}

@book{mclane1985algebra,
	Author = {McLane, S. and Birkhoff, G. and Canetta, P.},
	Date-Added = {2020-01-11 18:13:19 +0100},
	Date-Modified = {2020-01-11 18:13:19 +0100},
	Isbn = {9788842518723},
	Publisher = {Ugo Mursia Editore},
	Series = {Strumenti per una nuova cultura. Guide e manuali},
	Title = {Algebra},
	Url = {https://books.google.it/books?id=9ePOPQAACAAJ},
	Year = {1985},
	Bdsk-Url-1 = {https://books.google.it/books?id=9ePOPQAACAAJ}}

@book{hoffman1971linear,
	Author = {Hoffman, K. and Kunze, R.A.},
	Date-Added = {2020-01-06 20:22:12 +0100},
	Date-Modified = {2020-01-06 20:22:12 +0100},
	Isbn = {9780135367971},
	Lccn = {75142120},
	Publisher = {Prentice-Hall},
	Series = {Featured Titles for Linear Algebra (Advanced) Series},
	Title = {Linear Algebra},
	Url = {https://books.google.it/books?id=Jk7MtwEACAAJ},
	Year = {1971},
	Bdsk-Url-1 = {https://books.google.it/books?id=Jk7MtwEACAAJ}}

@book{barsotti1970appunti,
	Author = {Barsotti, I.},
	Date-Added = {2019-12-17 18:00:25 +0100},
	Date-Modified = {2020-01-21 21:28:11 +0100},
	Editor = {Maurizio Candilera},
	Publisher = {Universit{\`a} di Padova},
	Title = {Appunti di geometria 2: corso di Laurea in matematica},
	Url = {https://books.google.it/books?id=Z1zloAEACAAJ},
	Year = {1970},
	Bdsk-Url-1 = {https://books.google.it/books?id=Z1zloAEACAAJ}}

@article{johnson2009matroids,
	Author = {Will Johnson},
	Date-Added = {2019-12-13 15:10:41 +0100},
	Date-Modified = {2019-12-13 15:14:33 +0100},
	Title = {Matroids},
	Url = {https://sites.math.washington.edu/~morrow/336_09/papers/Will.pdf},
	Year = {2009},
	Bdsk-Url-1 = {https://sites.math.washington.edu/~morrow/336_09/papers/Will.pdf}}

@book{gratzer2009lattice,
	Author = {Gratzer, G.},
	Date-Added = {2019-12-11 15:04:03 +0100},
	Date-Modified = {2019-12-11 15:04:03 +0100},
	Isbn = {9780486471730},
	Lccn = {2008046925},
	Publisher = {Dover Publications},
	Series = {Dover Books on Mathematics Series},
	Title = {Lattice Theory: First Concepts and Distributive Lattices},
	Url = {https://books.google.it/books?id=6FJPTsmF1RAC},
	Year = {2009},
	Bdsk-Url-1 = {https://books.google.it/books?id=6FJPTsmF1RAC}}

@book{riehl2017category,
	Author = {Riehl, E.},
	Date-Added = {2019-12-11 14:28:23 +0100},
	Date-Modified = {2019-12-11 14:28:23 +0100},
	Isbn = {9780486820804},
	Publisher = {Dover Publications},
	Series = {Aurora: Dover Modern Math Originals},
	Title = {Category Theory in Context},
	Url = {https://books.google.it/books?id=6B9MDgAAQBAJ},
	Year = {2017},
	Bdsk-Url-1 = {https://books.google.it/books?id=6B9MDgAAQBAJ}}

@book{suetin1997linear,
	Author = {Suetin, P.K. and Kostrikin, A.I. and Manin, Y.I.},
	Date-Added = {2019-11-12 18:11:55 +0100},
	Date-Modified = {2019-11-12 18:11:55 +0100},
	Isbn = {9789056990497},
	Lccn = {88039834},
	Publisher = {Taylor \& Francis},
	Series = {Algebra, logic and applications},
	Title = {Linear Algebra and Geometry},
	Url = {https://books.google.it/books?id=r28nV\_sIoxwC},
	Year = {1997},
	Bdsk-Url-1 = {https://books.google.it/books?id=r28nV%5C_sIoxwC}}

@book{facchini2000algebra,
	Author = {Facchini, A.},
	Date-Added = {2019-11-04 13:52:10 +0100},
	Date-Modified = {2019-11-04 13:52:10 +0100},
	Isbn = {9788808097392},
	Publisher = {Zanichelli},
	Series = {Collana di matematica. Testi e manuali},
	Title = {Algebra e matematica discreta. Per studenti di informatica, ingegneria, fisica e matematica. Con numerosi esempi ed esercizi svolti},
	Url = {https://books.google.it/books?id=WY3HAAAACAAJ},
	Year = {2000},
	Bdsk-Url-1 = {https://books.google.it/books?id=WY3HAAAACAAJ}}

@book{Hilbert:1899aa,
	Address = {La Salle, Ilinois},
	Author = {D. Hilbert},
	Date-Added = {2019-11-02 17:33:07 +0100},
	Date-Modified = {2019-11-02 17:44:07 +0100},
	Editor = {E. J. Townsend (University of Illinois)},
	Publisher = {Open Court Publishing Company},
	Title = {The Foundations of Geometry},
	Url = {https://math.berkeley.edu/~wodzicki/160/Hilbert.pdf},
	Year = {1950},
	Bdsk-Url-1 = {https://math.berkeley.edu/~wodzicki/160/Hilbert.pdf}}

@book{schwerdtfeger2012geometry,
	Author = {Schwerdtfeger, H.},
	Date-Added = {2019-10-24 19:10:25 +0200},
	Date-Modified = {2019-10-24 19:10:25 +0200},
	Isbn = {9780486135861},
	Publisher = {Dover Publications},
	Series = {Dover Books on Mathematics},
	Title = {Geometry of Complex Numbers},
	Url = {https://books.google.it/books?id=CLjCAgAAQBAJ},
	Year = {2012},
	Bdsk-Url-1 = {https://books.google.it/books?id=CLjCAgAAQBAJ}}

@book{nacinovich1996elementi,
	Author = {Nacinovich, M.},
	Date-Added = {2019-08-28 15:34:54 +0200},
	Date-Modified = {2019-08-28 15:40:18 +0200},
	Isbn = {9788820725587},
	Publisher = {Liguori},
	Series = {Serie di matematica e fisica. Testi},
	Title = {Elementi di geometria analitica},
	Url = {https://books.google.it/books?id=kTRAHQAACAAJ},
	Year = {1996},
	Bdsk-Url-1 = {https://books.google.it/books?id=kTRAHQAACAAJ}}

@book{grillet2007abstract,
	Author = {Grillet, P.A.},
	Date-Added = {2019-07-29 01:14:42 +0200},
	Date-Modified = {2019-07-29 01:14:42 +0200},
	Isbn = {9780387715681},
	Lccn = {2007928732},
	Publisher = {Springer New York},
	Series = {Graduate Texts in Mathematics},
	Title = {Abstract Algebra},
	Url = {https://books.google.it/books?id=LJtyhu8-xYwC},
	Year = {2007},
	Bdsk-Url-1 = {https://books.google.it/books?id=LJtyhu8-xYwC}}

@book{lang1987linear,
	Author = {Lang, S. and Springer Science+Business Media},
	Date-Added = {2019-07-29 01:14:31 +0200},
	Date-Modified = {2019-07-29 01:14:31 +0200},
	Isbn = {9780387964126},
	Lccn = {86021943},
	Publisher = {Springer},
	Series = {Springer Undergraduate Texts in Mathematics and Technology},
	Title = {Linear Algebra},
	Url = {https://books.google.it/books?id=0DUXym7QWfYC},
	Year = {1987},
	Bdsk-Url-1 = {https://books.google.it/books?id=0DUXym7QWfYC}}

@book{candilera2011algebra,
	Author = {Candilera, M. and Bertapelle, A.},
	Date-Added = {2019-07-21 17:53:44 +0200},
	Date-Modified = {2019-07-21 17:53:44 +0200},
	Isbn = {9788838661891},
	Publisher = {McGraw-Hill Companies},
	Series = {Collana di istruzione scientifica},
	Title = {Algebra lineare e primi elementi di geometria},
	Url = {https://books.google.it/books?id=WpVAYgEACAAJ},
	Year = {2011},
	Bdsk-Url-1 = {https://books.google.it/books?id=WpVAYgEACAAJ}}

@book{manetti2014topologia,
	Author = {Manetti, M.},
	Date-Added = {2019-07-21 17:53:44 +0200},
	Date-Modified = {2019-07-21 17:53:44 +0200},
	Isbn = {9788847056626},
	Publisher = {Springer Milan},
	Series = {UNITEXT},
	Title = {Topologia},
	Url = {https://books.google.it/books?id=BvzvCAAAQBAJ},
	Year = {2014},
	Bdsk-Url-1 = {https://books.google.it/books?id=BvzvCAAAQBAJ}}
